%% This BibTeX bibliography file was created using BibDesk.
%% http://bibdesk.sourceforge.net/


%% Created for Markus Ketterl at 2011-05-06 19:16:14 +0200 


%% Saved with string encoding Unicode (UTF-8) 



@article{DBLP:journals/itse/KetterlSH10,
	Author = {Markus Ketterl and Olaf A. Schulte and Adam Hochman},
	Bibsource = {DBLP, http://dblp.uni-trier.de},
	Date-Added = {2011-05-06 19:16:08 +0200},
	Date-Modified = {2011-05-06 19:16:08 +0200},
	Ee = {http://dx.doi.org/10.1108/17415651011071631},
	Journal = {Interact. Techn. Smart Edu.},
	Number = {3},
	Pages = {168-180},
	Title = {Opencast Matterhorn: A community-driven open source software project for producing, managing, and distributing academic video},
	Volume = {7},
	Year = {2010}}

@inproceedings{Johnston2011,
	Author = {Johnston, G. Scott and Brooks, Christopher A. and Thompson, Craig and Greer, Jim},
	Booktitle = {In submission to the Conference on Educational Data Mining 2011},
	Title = {{Quantifying Accuracy of Algorithms Trained on Multiple Raters in Disagreement}},
	Year = {2011}}

@inproceedings{Brooks2010,
	Author = {Brooks, Christopher A. and Demmans Epp, Carrie and Logan, Greg and Greer, Jim},
	Booktitle = {1st International Conference on Learning Analytics and Knowledge 2011 (LAK'11)},
	Title = {{The Who, What, When, and Why of Lecture Capture}},
	Year = {2010}}
